@article{felix,
  author =      "Suraj Prabhakaran and Mohsin Iqbal and Sebastian Rinke and Christian Windisch and Felix Wolf",
  title =       "{A Batch System with Fair Scheduling for Evolving Applications}",
  journal =     "{International Conference on Parallel Processing(ICPP)}",
  month =       Sep,
  year =        2014
}

@article{laxmikant,
  author =      "Suraj Prabhakaran and Marcel Neumann and Sebastian Rinke and Felix Wolf and Abhishek Gupta and Laxmikant V. Kale",
  title =       "{A Batch Sytem with Efficient Adaptive Scheduling for Malleable and Evolving Applications}",
  journal =     "{International Parallel and Distributed Processing Symposium(IPDPS)}",
  month =       May,
  year =        2015
}

@article{nikolas,
  author =      "Nikolas Ioannou and Michael Kauschke and Mathias Gries and Marcelo Cintra",
  title =       "{Phase-Based Application-Driven Hierarchical Power Management on the Single-chip cloud Compupter}",
  journal =     "{Parallel Architectures and Compilation Techniques(PACT)}",
  month =       Oct,
  year =        2011
}

@article{rudolph,
  author =      "D.G.Feitelson and L.Rudolph",
  title =       "{Towards convergence in job schedulers for parallel supercomputers}",
  journal =     "{Workshop on Job Scheduling Strategies for Parallel Processing}",
  month =       Apr,
  year =        1996
}

@article{isaias,
  author =      "Isaias A. Compres Urena and Michael Riepen and Michael Konow and Michael Gerndt",
  title =       "{Invasive MPI on Intel's single-chip cloud computer}",
  journal =     "{Architecture of Computing Systems(ARCS)}",
  month =       Feb,
  year =        2012
}

@article{andreas,
  author =      "Michael Gerndt and Andreas Hollmann and Marcel Meyer and Martin Schrieber and Josef Weidendorfer",
  title =       "{Invasive Computing with iOMP}",
  journal =     "{Forum on Specification and Design Languages(FDL)}",
  month =       Feb,
  year =        2012
}

@article{georgiou,
  author =      "M. C. Cera and Y. Georgiou and O. Richard and N. Maillard and P.O.A. Navaux",
  title =       "{Supporting malleability in parallel architectures with dynamic cpusets mapping and dynamic MPI}",
  journal =     "{International Conference on Distributed Computing and Networking(ICDCN)}",
  month =       Jan,
  year =        2010
}

@article{travis,
  author =      "K. El Maghraoui and Travis J. Desell and Bolesaw K. Szymanski and Carlos A. Varela",
  title =       "{Dynamic Malleability in Iterative MPI Applications}",
  journal =     "{Concurrency and Computation: Practice and Experience}",
  month =       Jan,
  year =        2008
}


@article{gladys,
  author =      "Gladys Utrera and Julita Corbalan and Jesus Albarta",
  title =       "{Implementing Malleability on {MPI} Jobs}",
  journal =     "{International Conference on Parallel Architecture and Compilation Techniques(PACT)}",
  month =       Oct,
  year =        2004
}

@article{klein,
  author =      "Klein, C. and Perez, C.",
  title =       "An {RMS} for Non-predictably Evolving Applications",
  journal =     "Cluster Computing(CLUSTER)",
  month =       Sep,
  year =        2001
}

@article{pavan,
  author =      "Pavan Balaji and Darius Buntinas and David Goodwell and William Gropp and Jayesh Krishna and Ewing Lusk and Rajeev Thakur",
  title =       "{PMI}: A Scalable Parallel Process-Management Interface for Extreme-Scale Systems",
  journal =     "Recent Advances in the Message Passing Interface",
  month =       Sep,
  year =        2010
}

@article{jette,
  author =     "Andy B. Yoo and Morris A. Jette and Mark Gondona",
  title =      "{SLURM}: Simple Linux Utility for Resource Management",
  journal =    "Job Scheduling Strategies for Parallel Processing",
  month =      Jun,
  year =       2003
}

@article{abhishek,
  author =     "Abhishek Gupta and Bilge Acun and Osman Sarood and Laxmikant V. Kale",
  title =      "Towards Realizing the Potential of Malleable Jobs",
  journal =    "High Performance Computing(HiPC)",
  month =      Dec,
  year =       2014
}

@article{david,
  author =     "David A. Lifka",
  title =      "The ANL{/}IBM SP scheduling system",
  journal =    "Job Scheduling Strategies for Parallel Processing",
  month =      Apr,
  year =       1995
}

@article{joseph,
  author =     "Joseph Skovira and Waiman Chan and Honbo Zhou and David Lifka",
  title =      "The EASY - LoadLeveler API Project",
  journal =    "Job Scheduling Strategies for Parallel Processing",
  month =      Apr,
  year =       1996
}

@article{hungershofer,
  author =     "Hungershofer, J.",
  title =      "On the Combined Scheduling of Malleable and Rigid Jobs",
  journal =    "International Symposium on Computer Architecture and High Performance Computing(SBAC-PAD)",
  month =      Oct,
  year =       2004
}

@article{yangjie,
  author =     "Yangjie Cao and Hongyang Sun and Wen-Jing Hsu and Depei Qian",
  title =      "Malleable-Lab: A Tool for Evaluating Adaptive Online Schedulers on Malleable Jobs",
  journal =    "Euromicro Conference on Parallel, Distributed and Network-Based Processing(PDP)",
  month =      Feb,
  year =       2010
}

@article{zhou,
  author =     "Zhou Zhou and Zhiling Lan and Wei Tang and Narayan Desai",
  title =      "Reducing Energy Costs for IBM Blue Gene{/}P via Power-Aware Job Scheduling",
  journal =    "Job Scheduling Strategies for Parallel Processing",
  month =      May,
  year =       2013
}

@article{lucero,
  author =     "Alejandro Lucero",
  title =      "Simulation of Batch Scheduling using Real Production Ready Software Tools",
  journal =    "Iberian Grid Infrastructure Conference",
  month =      Jun,
  year =       2011
}

@article{desai,
  author =     "Wei Tang and Zhiling Lan and Narayan Desai",
  title =      "Job Scheduling with Adjusted Runtime Estimates on Production Supercomputers",
  journal =    "Journal of Parallel and Distributed Computing",
  month =      Mar,
  year =       2013
}

@article{yang,
  author =     "Zhou Zhou and Xu Yang and Dongfang Zhao and Paul Rich and Wei Tang and Jia Wang and Zhiling Wan",
  title =      "I{/}O Aware Batch Scheduling for Petascale Computing Systems",
  journal =    "International Conference on Cluster Computing",
  month =      Sep,
  year =       2015
}

@article{daniel,
  author =     "Wei Tang and Narayan Desai and Daniel Buettner and Zhiling Wan",
  title =      "Analyzing and Adjusting User Runtime Estimates to Improve Job Scheduling on the Blue Gene{/}P",
  journal =    "International Symposium on Parallel and Distributed Processing Symposium(IPDPS)",
  month =      Apr,
  year =       2010
}

@article{dror,
  author =     "Wei Tang and Narayan Desai and Daniel Buettner and Zhiling Wan",
  title =      "Backfilling with Lookahead to Optimize the Packing of Parallel Jobs",
  journal =    "Journal of Parallel and Distributed Computing",
  month =      May,
  year =       2005
}

@article{ahuva,
  author =     "Dror G. Feitelson and Ahuva Mu{'}alem Weil",
  title =      "Utilization and Predictability in Scheduling the IBM SP2 with Backfilling",
  journal =    "Parallel Processing Symposium and Symposium on Parallel and Distributed Processing(IPPS{/}SPDP)",
  month =      Apr,
  year =       1998
}

@article{dinesh,
  author =     "Dror G. Feitelson and Ahuva Mu{'}alem Weil",
  title =      "Scheduling Batch and Heterogeneous Jobs with Runtime Elasticity in a Parallel Processing Environment",
  journal =    "International Parallel and Distributed Processing Symposium Workshops and Phd Forum",
  month =      May,
  year =       2012
}

@phdthesis{tsafrir,
  author =     "Dan Tsafrir",
  title =      "Modeling, Evaluating and Improving the Performance of Supercomputer Scheduling",
  school =     "Hebrew University",
  month =      Sep,
  year =       2006
}


@phdthesis{streit,
  author =     "Achim Streit",
  title =      "Self Tuning Job Scheduling Strategies for the Resource Management of HPC Systems and Computational Grids",
  school =     "Universität Paderborn",
  month =      Oct,
  year =       2003
}


@phdthesis{deshmeh,
  author =     "Gholanhossein Deshmeh",
  title =      "ADEPT Runtime/Scalability Predictor in Support of Adaptive Scheduling",
  school =     "University of Windsor",
  month =      Sep,
  year =       2013
}


@phdthesis{tiachao,
  author =     "Tianchao Li",
  title =      "Grid Resource Management with Service Level Agreements",
  school =     "Technische Universität München",
  month =      Dec,
  year =       2007
}


@phdthesis{wang,
  author =     "Ke Wang",
  title =      "Scalable Resource Management System Software for Extreme Scale Distributed Systems",
  school =     "Illinois Institute of Technology",
  month =      Jul,
  year =       2015
}


@article{oliver,
  author =     "Oliver Waeldrich and Dominic Battre and Francis Brazier and Kassidy Clark and Michel Oey and ",
  title =      "Utilization and Predictability in Scheduling the IBM SP2 with Backfilling",
  journal =    "Parallel Processing Symposium and Symposium on Parallel and Distributed Processing(IPPS{/}SPDP)",
  month =      Apr,
  year =       1998
}



@misc{slurm,
  author =     "SchedMD",
  title =      "{SLURM} Workload Manager",
  note =       "www.slurm.schedmd.com"
}

