@article{felix,
  author =      "Suraj Prabhakaran{,} Mohsin Iqbal{,} Sebastian Rinke{,} Christian Windisch{,} Felix Wolf",
  title =       "{A Batch System with Fair Scheduling for Evolving Applications}",
  journal =     "{International Conference on Parallel Processing(ICPP)}",
  month =       Sep,
  year =        2014
}

@article{laxmikant,
  author =      "Suraj Prabhakaran{,} Marcel Neumann{,} Sebastian Rinke{,} Felix Wolf{,}, Abhishek Gupta{,} Laxmikant V. Kale",
  title =       "{A Batch Sytem with Efficient Adaptive Scheduling for Malleable and Evolving Applications}",
  journal =     "{International Parallel and Distributed Processing Symposium(IPDPS)}",
  month =       May,
  year =        2015
}

@article{nikolas,
  author =      "Nikolas Ioannou{,} Michael Kauschke{,} Mathias Gries{,} Marcelo Cintra",
  title =       "{Phase-Based Application-Driven Hierarchical Power Management on the Single-chip cloud Compupter}",
  journal =     "{Parallel Architectures and Compilation Techniques(PACT)}",
  month =       Oct,
  year =        2011
}

@article{rudolph,
  author =      "D.G.Feitelson{,} L.Rudolph",
  title =       "{Towards convergence in job schedulers for parallel supercomputers}",
  journal =     "{Workshop on Job Scheduling Strategies for Parallel Processing}",
  month =       April,
  year =        1996
}

@article{isaias,
  author =      "Isaias A. Compres Urena{,} Michael Riepen{,} Michael Konow{,} Michael Gerndt",
  title =       "{Invasive MPI on Intel's single-chip cloud computer}",
  journal =     "{Architecture of Computing Systems(ARCS)}",
  month =       Feb,
  year =        2012
}

@article{andreas,
  author =      "Michael Gerndt{,} Andreas Hollmann{,} Marcel Meyer{,} Martin Schrieber{,} Josef Weidendorfer",
  title =       "{Invasive Computing with iOMP}",
  journal =     "{Forum on Specification and Design Languages(FDL)}",
  month =       Feb,
  year =        2012
}

@article{georgiou,
  author =      "M. C. Cera{,} Y. Georgiou{,} O. Richard{,} N. Maillard{,} P.O.A. Navaux",
  title =       "{Supporting malleability in parallel architectures with dynamic cpusets mapping and dynamic MPI}",
  journal =     "{International Conference on Distributed Computing and Networking(ICDCN)}",
  month =       Jan,
  year =        2010
}

@article{travis,
  author =      "K. El Maghraoui{,} Travis J. Desell{,} Bolesaw K. Szymanski{,} Carlos A. Varela",
  title =       "{Dynamic Malleability in Iterative MPI Applications}",
  journal =     "{Concurrency and Computation: Practice and Experience}",
  month =       Jan,
  year =        2008
}


@article{gladys,
  author =      "Gladys Utrera{,} Julita Corbalan{,} Jesus Albarta",
  title =       "{Implementing Malleability on {MPI} Jobs}",
  journal =     "{International Conference on Parallel Architecture and Compilation Techniques(PACT)}",
  month =       Oct,
  year =        2004
}

@article{klein,
  author =      "Klein{,} C.{,} Perez{,} C.",
  title =       "An {RMS} for Non-predictably Evolving Applications",
  journal =     "Cluster Computing(CLUSTER)",
  month =       Sep,
  year =        2001
}

@article{pavan,
  author =      "Pavan Balaji{,} Darius Buntinas{,} David Goodwell{,} William Gropp{,} Jayesh Krishna{,} Ewing Lusk{,} Rajeev Thakur",
  title =       "{PMI}: A Scalable Parallel Process-Management Interface for Extreme-Scale Systems",
  journal =     "Recent Advances in the Message Passing Interface",
  month =       Sep,
  year =        2010
}

@article{jette,
  author =     "Andy B. Yoo{,} Morris A. Jette{,} Mark Gondona",
  title =      "{SLURM}: Simple Linux Utility for Resource Management",
  journal =    "Job Scheduling Strategies for Parallel Processing",
  month =      Jun,
  year =       2003
}

@article{slurm,
  author =     "",
  title =      "{SLURM} Workload Manager",
  note =       "www.slurm.schedmd.com"
}
